
%Articles
@article{ARCEO-GOMEZ2014,
   title = {{Evoluci\~A\textthreesuperiorn de la brecha salarial de g\~A\copyrightnero en M\~A\copyrightxico}},
   journal = {{El trimestre econ\~A\textthreesuperiormico}},
   author={Arceo-G\~A\textthreesuperiormez, Eva O. AND Campos-V\~A!`zquez, Raymundo M.},
   ISSN = {2448-718X},
   language = {es},
   URL = {http://www.scielo.org.mx/scielo.php?script=sci_arttext&pid=S2448-718X2014000300619&nrm=iso},
   volume = {81},
   year = {2014},
   month = {09},
   pages = {619 - 653},
   publisher = {scielomx},
   }

%misc
